/Users/scott/projects/fusionatlas/bibliography/bibliography.bib